<record><leader>00000cas a22000007a 4500</leader><controlfield tag="001">30618078</controlfield><controlfield tag="008">940616u188uuuuuazuuu ne      0    0eng d</controlfield><datafield ind1=" " ind2=" " tag="010"><subfield code="a">sn 94050866 </subfield></datafield><datafield ind1=" " ind2=" " tag="040"><subfield code="a">ANN</subfield><subfield code="b">eng</subfield><subfield code="c">ANN</subfield><subfield code="d">OCLCQ</subfield><subfield code="d">OCLCF</subfield><subfield code="d">OCLCO</subfield></datafield><datafield ind1="1" ind2=" " tag="029"><subfield code="a">AU@</subfield><subfield code="b">000011126255</subfield></datafield><datafield ind1=" " ind2=" " tag="042"><subfield code="a">msc</subfield></datafield><datafield ind1=" " ind2=" " tag="043"><subfield code="a">n-us-az</subfield></datafield><datafield ind1="0" ind2=" " tag="130"><subfield code="a">Voice of Arizona (Casa Grande, Ariz.)</subfield></datafield><datafield ind1="1" ind2="4" tag="245"><subfield code="a">The Voice of Arizona.</subfield></datafield><datafield ind1=" " ind2=" " tag="260"><subfield code="a">Casa Grande, Ariz. :</subfield><subfield code="b">A.H. Elliott</subfield></datafield><datafield ind1=" " ind2=" " tag="300"><subfield code="a">v. :</subfield><subfield code="b">ill.</subfield></datafield><datafield ind1=" " ind2=" " tag="588"><subfield code="a">Description based on: Vol. 1, no. 39 (May 15, 1886).</subfield></datafield><datafield ind1=" " ind2="0" tag="651"><subfield code="a">Casa Grande (Ariz.)</subfield><subfield code="v">Newspapers.</subfield></datafield><datafield ind1=" " ind2="0" tag="651"><subfield code="a">Pinal County (Ariz.)</subfield><subfield code="v">Newspapers.</subfield></datafield><datafield ind1=" " ind2="7" tag="655"><subfield code="a">Newspapers.</subfield><subfield code="2">fast</subfield><subfield code="0">(OCoLC)fst01423814</subfield></datafield><datafield ind1=" " ind2="7" tag="651"><subfield code="a">Arizona</subfield><subfield code="z">Casa Grande.</subfield><subfield code="2">fast</subfield><subfield code="0">(OCoLC)fst01221741</subfield></datafield><datafield ind1=" " ind2="7" tag="651"><subfield code="a">Arizona</subfield><subfield code="z">Pinal County.</subfield><subfield code="2">fast</subfield><subfield code="0">(OCoLC)fst01206040</subfield></datafield><datafield ind1=" " ind2=" " tag="752"><subfield code="a">United States</subfield><subfield code="b">Arizona</subfield><subfield code="c">Pinal</subfield><subfield code="d">Casa Grande.</subfield></datafield></record>